
@article{esp:blast2,
author = {Altschul, Stephen and Madden, T.L. and Sch√§ffer, Alejandro and Zhang, Jianmin and Zhang, Zhengh and Miller, W.E. and Lipman, D.J.},
year = {1997},
month = {10},
pages = {3389-3402},
title = {Gapped BLAST and PSI-BLAST: a new generation of protein databases search programs},
volume = {25},
journal = {Nucleic acids research},
doi = {10.1093/nar/25.17.3389}
}